@inproceedings{Batcher68,
  author       = {Kenneth E. Batcher},
  title        = {Sorting Networks and Their Applications},
  booktitle    = {American Federation of Information Processing Societies: {AFIPS} Conference
                  Proceedings: 1968 Spring Joint Computer Conference, Atlantic City,
                  NJ, USA, 30 April - 2 May 1968},
  series       = {{AFIPS} Conference Proceedings},
  volume       = {32},
  pages        = {307--314},
  publisher    = {Thomson Book Company, Washington {D.C.}},
  year         = {1968},
  url          = {https://doi.org/10.1145/1468075.1468121},
  doi          = {10.1145/1468075.1468121},
  timestamp    = {Wed, 14 Apr 2021 16:50:07 +0200},
  biburl       = {https://dblp.org/rec/conf/afips/Batcher68.bib},
  bibsource    = {dblp computer science bibliography, https://dblp.org}
}

@inproceedings{Meadows86,
  author       = {Catherine Meadows},
  title        = {A More Efficient Cryptographic Matchmaking Protocol for Use in the
                  Absence of a Continuously Available Third Party},
  booktitle    = {Proceedings of the 1986 {IEEE} Symposium on Security and Privacy,
                  Oakland, California, USA, April 7-9, 1986},
  pages        = {134--137},
  publisher    = {{IEEE} Computer Society},
  year         = {1986},
  url          = {https://doi.org/10.1109/SP.1986.10022},
  doi          = {10.1109/SP.1986.10022},
  timestamp    = {Thu, 21 Sep 2023 15:57:33 +0200},
  biburl       = {https://dblp.org/rec/conf/sp/Meadows86.bib},
  bibsource    = {dblp computer science bibliography, https://dblp.org}
}
@online{bristol2020,
  title={Welcome to pyca/cryptography}, 
  url={https://cryptography.io}, 
  author={David Archer and Victor Arribas Abril and Steve Lu and Pieter Maene and Nele Mertens and Danilo Sijacic and Nigel Smart},
  year={2023},
  urldate={2023-11-19}
}

@online{pycaCryptography,
  title={'Bristol Fashion' MPC Circuits}, 
  url={https://homes.esat.kuleuven.be/~nsmart/MPC/}, 
  author={Individual Contributors. Revision ea71c070},
  year={2013},
  urldate={2024-05-13}
}

@inproceedings{reimers-2019-sentence-bert,
  title = "Sentence-BERT: Sentence Embeddings using Siamese BERT-Networks",
  author = "Reimers, Nils and Gurevych, Iryna",
  booktitle = "Proceedings of the 2019 Conference on Empirical Methods in Natural Language Processing",
  month = "11",
  year = "2019",
  publisher = "Association for Computational Linguistics",
  url = "https://arxiv.org/abs/1908.10084",
}

@inproceedings{IshaiK97,
  author       = {Yuval Ishai and
                  Eyal Kushilevitz},
  title        = {Private Simultaneous Messages Protocols with Applications},
  booktitle    = {Fifth Israel Symposium on Theory of Computing and Systems, {ISTCS}
                  1997, Ramat-Gan, Israel, June 17-19, 1997, Proceedings},
  pages        = {174--184},
  publisher    = {{IEEE} Computer Society},
  year         = {1997},
  url          = {https://doi.org/10.1109/ISTCS.1997.595170},
  doi          = {10.1109/ISTCS.1997.595170},
  timestamp    = {Thu, 23 Mar 2023 23:57:41 +0100},
  biburl       = {https://dblp.org/rec/conf/istcs/IshaiK97.bib},
  bibsource    = {dblp computer science bibliography, https://dblp.org}
}

@online{Sloane_1964,
  title={The On-Line Encyclopedia of Integer Sequences (OEIS)}, 
  url={https://oeis.org/}, 
  author={Neil James Alexander Sloane},
  year={1964},
  urldate={2024-05-12}
}

